% This file was created with JabRef 2.9.2.
% Encoding: Cp1252

@ARTICLE{ale01,
  author = {Alexander, Budanitsky; Graeme, Hirst},
  title = {Semantic Distance in WordNet: An experimental, application-oriented
	evaluation of five measures},
  year = {2001},
  publisher = {Russian National Publisher}
}

@TECHREPORT{ali94diff,
  author = {M. Ali and N. Raman},
  title = {Some algorithm to solve a problem in Computer Science},
  institution = {Institute of Study, Malaysia},
  year = {1994},
  number = {ISM-TR-506},
  address = {Kuala Lumpur, Malaysia},
  month = aug
}

@INPROCEEDINGS{Boyd-Graber2007,
  author = {Boyd-Graber, Jordan L and Blei, David M and Zhu, Xiaojin},
  title = {A Topic Model for Word Sense Disambiguation.},
  booktitle = {EMNLP-CoNLL},
  year = {2007},
  pages = {1024--1033}
}

@INPROCEEDINGS{Chang2008,
  author = {Chang, Pi-Chuan and Galley, Michel and Manning, Christopher D.},
  title = {Optimizing Chinese Word Segmentation for Machine Translation Performance},
  booktitle = {Proceedings of the Third Workshop on Statistical Machine Translation},
  year = {2008},
  series = {StatMT '08},
  pages = {224--232},
  address = {Stroudsburg, PA, USA},
  publisher = {Association for Computational Linguistics},
  acmid = {1626430},
  isbn = {978-1-932432-09-1},
  location = {Columbus, Ohio},
  numpages = {9},
  url = {http://dl.acm.org/citation.cfm?id=1626394.1626430}
}

@ARTICLE{edw09,
  author = {Edward, Loper; Ewan, Klein},
  title = {Natural Language Tool Kit},
  year = {2009}
}

@BOOK{kovsky92diff,
  title = {A Slightly Different Formulation of The Problem},
  publisher = {Russian National Publisher},
  year = {1992},
  author = {C. Kovsky and D. Chev and E. Kov},
  address = {Moscow, Russia}
}

@ARTICLE{lin98,
  author = {Lin, Dekang},
  title = {An Information-Theoretic Definition of Similarity},
  year = {1998}
}

@INPROCEEDINGS{ur2002mn,
  author = {M. Maguire and N. Bevan},
  title = {User requirements analysis A review of supporting methods},
  booktitle = {World Computer Congress},
  year = {2002},
  pages = {25-30},
  address = { Montreal, Canada},
  month = August
}

@ARTICLE{Miller1995,
  author = {Miller, George A.},
  title = {WordNet: A Lexical Database for English},
  journal = {Commun. ACM},
  year = {1995},
  volume = {38},
  pages = {39--41},
  number = {11},
  month = nov,
  acmid = {219748},
  address = {New York, NY, USA},
  doi = {10.1145/219717.219748},
  issn = {0001-0782},
  issue_date = {Nov. 1995},
  numpages = {3},
  publisher = {ACM},
  url = {http://doi.acm.org/10.1145/219717.219748}
}

@BOOK{naiman78,
  title = {The good language learner},
  publisher = {Multilingual Matters},
  year = {1978},
  author = {Naiman, Neil},
  volume = {4}
}

@ARTICLE{Navigli2009,
  author = {Navigli, Roberto},
  title = {Word Sense Disambiguation: A Survey},
  journal = {ACM Computing Surveys},
  year = {2009},
  volume = {41},
  pages = {10:1--10:69},
  number = {2},
  month = feb,
  acmid = {1459355},
  address = {New York, NY, USA},
  articleno = {10},
  doi = {10.1145/1459352.1459355},
  issn = {0360-0300},
  issue_date = {February 2009},
  keywords = {WSD, Word sense disambiguation, lexical ambiguity, lexical semantics,
	semantic annotation, sense annotation, word sense discrimination},
  numpages = {69},
  publisher = {ACM},
  url = {http://doi.acm.org/10.1145/1459352.1459355}
}

@ARTICLE{Pellicer-Sanchez2010,
  author = {Pellicer-S{\'a}nchez, Ana and Schmitt, Norbert},
  title = {Incidental Vocabulary Acquisition from an Authentic Novel: Do" Things
	Fall Apart"?.},
  journal = {Reading in a Foreign Language},
  year = {2010},
  volume = {22},
  pages = {31--55},
  number = {1},
  publisher = {ERIC}
}

@ARTICLE{rubin75,
  author = {Rubin, Joan},
  title = {What the" good language learner" can teach us},
  journal = {TESOL quarterly},
  year = {1975},
  pages = {41--51},
  publisher = {JSTOR}
}

@INPROCEEDINGS{smith90graph,
  author = {A. Smith},
  title = {A problem in Graph Theory},
  booktitle = {Proceedings of International Conference on Graph Theory},
  year = {1990},
  pages = {300--311},
  address = {New York, NY},
  month = jan
}

@ARTICLE{sus13,
  author = {Susanne, Knoop; Sabrina Wilske},
  title = {WordGap - Automatic Generation of Gap-Filling Vocabulary Exercises
	for Mobile Learning},
  year = {2013}
}

@INPROCEEDINGS{Toutanova2002,
  author = {Toutanova, Kristina and Ilhan, H Tolga and Manning, Christopher D},
  title = {Extensions to HMM-based statistical word alignment models},
  booktitle = {Proceedings of the ACL-02 conference on Empirical methods in natural
	language processing-Volume 10},
  year = {2002},
  pages = {87--94},
  organization = {Association for Computational Linguistics}
}

@INPROCEEDINGS{Toutanova2003,
  author = {Toutanova, Kristina and Klein, Dan and Manning, Christopher D. and
	Singer, Yoram},
  title = {Feature-rich Part-of-speech Tagging with a Cyclic Dependency Network},
  booktitle = {Proceedings of the 2003 Conference of the North American Chapter
	of the Association for Computational Linguistics on Human Language
	Technology - Volume 1},
  year = {2003},
  series = {NAACL '03},
  pages = {173--180},
  address = {Stroudsburg, PA, USA},
  publisher = {Association for Computational Linguistics},
  acmid = {1073478},
  doi = {10.3115/1073445.1073478},
  location = {Edmonton, Canada},
  numpages = {8},
  url = {http://dx.doi.org/10.3115/1073445.1073478}
}

@INPROCEEDINGS{Ueffing2003,
  author = {Ueffing, Nicola and Ney, Hermann},
  title = {Using POS information for statistical machine translation into morphologically
	rich languages},
  booktitle = {Proceedings of the tenth conference on European chapter of the Association
	for Computational Linguistics-Volume 1},
  year = {2003},
  pages = {347--354},
  organization = {Association for Computational Linguistics}
}

@ARTICLE{Wilks1998,
  author = {Wilks, Yorick and Stevenson, Mark},
  title = {The Grammar of Sense: Using Part-of-speech Tags As a First Step in
	Semantic Disambiguation},
  journal = {Natural Language Engineering},
  year = {1998},
  volume = {4},
  pages = {135--143},
  number = {2},
  month = jun,
  acmid = {974477},
  address = {New York, NY, USA},
  doi = {10.1017/S1351324998001946},
  issn = {1351-3249},
  issue_date = {June 1998},
  numpages = {9},
  publisher = {Cambridge University Press},
  url = {http://dx.doi.org/10.1017/S1351324998001946}
}

@MASTERSTHESIS{zhang92ai,
  author = {B. Zhang},
  title = {The Problem: algorithms and application to {AI}},
  school = {National University of USA},
  year = {1992},
  address = {Santa Claus, CA}
}

@ARTICLE{zhang91ai,
  author = {B. Zhang and H. Advisor},
  title = {First Algorithm to Solve the Problem and Its application to {AI}},
  journal = {Journal of Problems and Solutions in Artificial Intelligence},
  year = {1991},
  volume = {3},
  pages = {120--136},
  number = {9},
  month = jan
}

@ARTICLE{yarlh2012,
  author = {Kathryn Zickuhr and Lee Rainie and Kristen Purcell and Mary Madden
	and Joanna Brenner},
  title = {Younger Americansâ€™ Reading and Library Habits},
  journal = {Pew Internet},
  year = {2012},
  publisher = {Pew Research Center}
}

