% Encoding: UTF-8
@ARTICLE{collobert2011,
   AUTHOR  = "Ronan Collobert, Jason Weston, Leon Bottou, Michael Karlen, Koray Kavukcuoglu, Pavel Kuksa",
   TITLE   = "Natural Language Processing (Almost) from Scratch",
   YEAR    = "2011",
   JOURNAL = "Journal of Machine Learning Research",
   VOLUME  = "12, 2/1/2011",
   PAGES  = "2493-2537"
}@ARTICLE{Hirsch03readingcomprehension,
    author = {E. D. Hirsch},
    title = {Reading comprehension requires knowledge of words and the world: Scientific insights into the fourth-grade slump and the nationâ€™s stagnant comprehension scores},
    journal = {American Educator},
    year = {2003},
    pages = {10--20}
}
@Article{REF08a,
  author = 	 {Rong-En Fan and Kai-Wei Chang and Cho-Jui Hsieh and Xiang-Rui Wang and Chih-Jen Lin},
  title = 	 {{LIBLINEAR}: A Library for Large Linear Classification},
  journal = 	 {Journal of Machine Learning Research},
  year = 	 {2008},
  volume =	 {9},
  pages =	 {1871--1874}
}
@inproceedings{Zhong2010,
 author = {Zhong, Zhi and Ng, Hwee Tou},
 title = {It Makes Sense: A Wide-coverage Word Sense Disambiguation System for Free Text},
 booktitle = {Proceedings of the ACL 2010 System Demonstrations},
 series = {ACLDemos '10},
 year = {2010},
 location = {Uppsala, Sweden},
 pages = {78--83},
 numpages = {6},
 url = {http://dl.acm.org/citation.cfm?id=1858933.1858947},
 acmid = {1858947},
 publisher = {Association for Computational Linguistics},
 address = {Stroudsburg, PA, USA},
}
@Book{clark2010,
  author = "Alexander Clark, Chris Fox, Shalom Lappin",
  title = "The Handbook of Computational Linguistics and Natural Language Processing",
  year = "2010"
}
@inproceedings{chan2005,
 author = {Chan, Yee Seng and Ng, Hwee Tou},
 title = {Scaling Up Word Sense Disambiguation via Parallel Texts},
 booktitle = {Proceedings of the 20th National Conference on Artificial Intelligence - Volume 3},
 series = {AAAI'05},
 year = {2005},
 isbn = {1-57735-236-x},
 location = {Pittsburgh, Pennsylvania},
 pages = {1037--1042},
 numpages = {6},
 url = {http://dl.acm.org/citation.cfm?id=1619499.1619500},
 acmid = {1619500},
 publisher = {AAAI Press},
}
@inproceedings{Turian10wordrepresentations,
  title={Word representations: a simple and general method for semi-supervised learning},
  author={Turian, Joseph and Ratinov, Lev and Bengio, Yoshua},
  booktitle={Proceedings of the 48th annual meeting of the association for computational linguistics},
  pages={384--394},
  year={2010},
  organization={Association for Computational Linguistics}
}

@inproceedings{Taghipour15,
  author = {Taghipour, Kaveh and Ng, Hwee Tou},
  biburl = {http://www.bibsonomy.org/bibtex/23d1855e29a009144261e895b741b3421/dblp},
  booktitle = {HLT-NAACL},
  editor = {Mihalcea, Rada and Chai, Joyce Yue and Sarkar, Anoop},
  isbn = {978-1-941643-49-5},
  keywords = {dblp},
  pages = {314-323},
  publisher = {The Association for Computational Linguistics},
  title = {Semi-Supervised Word Sense Disambiguation Using Word Embeddings in General and Specific Domains.},
  year = 2015
}
@InProceedings{chen2014,
  author    = {Chen, Xinxiong  and  Liu, Zhiyuan  and  Sun, Maosong},
  title     = {A Unified Model for Word Sense Representation and Disambiguation},
  booktitle = {Proceedings of the 2014 Conference on Empirical Methods in Natural Language Processing (EMNLP)},
  month     = {October},
  year      = {2014},
  address   = {Doha, Qatar},
  publisher = {Association for Computational Linguistics},
  pages     = {1025--1035},
  url       = {http://www.aclweb.org/anthology/D14-1110}
}
@article{mikolovword2vec,
  author    = {Tomas Mikolov and
               Kai Chen and
               Greg Corrado and
               Jeffrey Dean},
  title     = {Efficient Estimation of Word Representations in Vector Space},
  journal   = {CoRR},
  volume    = {abs/1301.3781},
  year      = {2013},
  url       = {http://arxiv.org/abs/1301.3781},
  timestamp = {Thu, 07 May 2015 20:02:01 +0200},
  biburl    = {http://dblp.uni-trier.de/rec/bib/journals/corr/abs-1301-3781},
  bibsource = {dblp computer science bibliography, http://dblp.org}
}
@article{pennington2014glove,
  title={Glove: Global vectors for word representation},
  author={Pennington, Jeffrey and Socher, Richard and Manning, Christopher D},
  journal={Proc. of the Empiricial Methods in Natural Language Processing (EMNLP 2014)},
  volume={12},
  year={2014}
}
@InProceedings{tao2014,
	title={Interactive Second Language Learning from News Websites},
	Author={Tao Chen and Naijia Zheng and Yue Zhao and Muthu Kumar Chandrasekaran and Min-Yen Kan},
	booktitle ={Proceedings of ACL Workshop on Natural Language Processing Techniques for Educational Applications (NLP-TEA'15)},
	year={2015}
}
@INPROCEEDINGS{Mihalcea04senselearner,
    author = {Rada Mihalcea and Ehsanul Faruque},
    title = {Senselearner: Minimally supervised word sense disambiguation for all words in open text},
    booktitle = {In Proceedings of ACL/SIGLEX Senseval-3},
    year = {2004},
    pages = {155--158}
}
@ARTICLE{Navigli09wordsense,
    author = {Roberto Navigli},
    title = {Word sense disambiguation: a survey},
    journal = {ACM COMPUTING SURVEYS},
    year = {2009},
    volume = {41},
    number = {2},
    pages = {1--69}
}
@inproceedings{Ng1996,
 author = {Ng, Hwee Tou and Lee, Hian Beng},
 title = {Integrating Multiple Knowledge Sources to Disambiguate Word Sense: An Exemplar-based Approach},
 booktitle = {Proceedings of the 34th Annual Meeting on Association for Computational Linguistics},
 series = {ACL '96},
 year = {1996},
 location = {Santa Cruz, California},
 pages = {40--47},
 numpages = {8},
 url = {http://dx.doi.org/10.3115/981863.981869},
 doi = {10.3115/981863.981869},
 acmid = {981869},
 publisher = {Association for Computational Linguistics},
 address = {Stroudsburg, PA, USA},
}
@inproceedings{Lefever2011,
 author = {Lefever, Els and Hoste, V{\'e}ronique and De Cock, Martine},
 title = {ParaSense or How to Use Parallel Corpora for Word Sense Disambiguation},
 booktitle = {Proceedings of the 49th Annual Meeting of the Association for Computational Linguistics: Human Language Technologies: Short Papers - Volume 2},
 series = {HLT '11},
 year = {2011},
 isbn = {978-1-932432-88-6},
 location = {Portland, Oregon},
 pages = {317--322},
 numpages = {6},
 url = {http://dl.acm.org/citation.cfm?id=2002736.2002802},
 acmid = {2002802},
 publisher = {Association for Computational Linguistics},
 address = {Stroudsburg, PA, USA},
}
@inproceedings{carpuat2013nrc,
  title={Nrc: A machine translation approach to cross-lingual word sense disambiguation (SemEval-2013 Task 10)},
  author={Carpuat, Marine},
  booktitle={Second Joint Conference on Lexical and Computational Semantics (* SEM)},
  volume={2},
  pages={188--192},
  year={2013}
}
@article{gompel2013,
  title={Wsd2: Parameter optimisation for memory-based cross-lingual word-sense disambiguation},
  author={Gompel, M van and van den Bosch, APJ},
  year={2013},
  publisher={New Brunswick, NJ: Association for Computational Linguistics}
}
@ARTICLE{och03,
AUTHOR = {Franz Josef Och and Hermann Ney},
TITLE = {A Systematic Comparison of Various Statistical Alignment Models},
JOURNAL= {Computational Linguistics}, 
NUMBER = 1,
VOLUME = 29,
YEAR = 2003,
PAGES = {19--51}}
@inproceedings{collobert2008unified,
  title={A unified architecture for natural language processing: Deep neural networks with multitask learning},
  author={Ronan Collobert and Jason Weston},
  booktitle={Proceedings of the 25th international conference on Machine learning},
  pages={160--167},
  year={2008},
  organization={ACM}
}
@inproceedings{mihalcea2004senseval,
  title={The Senseval-3 English lexical sample task},
  author={Mihalcea, Rada and Chklovski, Timothy Anatolievich and Kilgarriff, Adam},
  year={2004},
  organization={Association for Computational Linguistics}
}
@inproceedings{kilgarriff2001english,
  title={English lexical sample task description},
  author={Kilgarriff, Adam},
  booktitle={The Proceedings of the Second International Workshop on Evaluating Word Sense Disambiguation Systems},
  pages={17--20},
  year={2001},
  organization={Association for Computational Linguistics}
}
@techreport{zhaoyuefyp,
AUTHOR = {Zhao, Yue},
TITLE = {Learning Chinese and English from News Websites},  year={2015},
note={\url{https://dl.comp.nus.edu.sg/jspui/handle/1900.100/5026}}
}
@techreport{naijiafyp,
AUTHOR = {Zheng, Naijia},
TITLE = {Second Language Learning from Parallel News Websites},
note = {\url{https://dl.comp.nus.edu.sg/jspui/handle/1900.100/5136}},
year={2015}
}
@article{hochreiter1997lstm,
	title={Long short-term memory},
	author={Hochreiter, Sepp and Schmidhuber, J{\"u}rgen},
	journal={Neural computation},
	volume={9},
	number={8},
	pages={1735--1780},
	year={1997},
	publisher={MIT Press}
}

@inproceedings{rothe2015autoextend,
	title={AutoExtend: Extending word embeddings to embeddings for synsets and lexemes},
	author={Rothe, Sascha and Sch{\"u}tze, Hinrich},


		booktitle={Proceedings of ACL-IJCNLP},
	year={2015}
}


@inproceedings{schnabel2015evaluation,
	title={Evaluation methods for unsupervised word embeddings},
	author={Schnabel, Tobias and Labutov, Igor and Mimno, David and Joachims, Thorsten},
	booktitle={Proceedings of the Conference on Empirical Methods in Natural Language Processing (EMNLP)},
	year={2015}

}

@inproceedings{blacoe2012comparison,
	title={A comparison of vector-based representations for semantic composition},
	author={Blacoe, William and Lapata, Mirella},
	booktitle={Proceedings of the 2012 Joint Conference on Empirical Methods in Natural Language Processing and Computational Natural Language Learning},
	pages={546--556},
	year={2012},
	organization={Association for Computational Linguistics}
}

@inproceedings{levy2014dependency,
	title={Dependency-Based Word Embeddings.},
	author={Levy, Omer and Goldberg, Yoav}
}


@inproceedings{gershman2015phrase,
	title={Phrase similarity in humans and machines},
	author={Gershman, Samuel J and Tenenbaum, Joshua B},
	year={2015},
	booktitle={Proceedings of the 37th Annual Conference of the Cognitive Science Society},
	url={http://web.mit.edu/sjgershm/www/GershmanTenenbaum15.pdf},
}

@inproceedings{socher2013recursive,
	title={Recursive deep models for semantic compositionality over a sentiment treebank},
	author={Socher, Richard and Perelygin, Alex and Wu, Jean Y and Chuang, Jason and Manning, Christopher D and Ng, Andrew Y and Potts, Christopher},
	booktitle={Proceedings of the conference on empirical methods in natural language processing (EMNLP)},
	volume={1631},
	pages={1642},
	year={2013},
	organization={Citeseer}
}

@inproceedings{socher2011parsing,
	title={Parsing natural scenes and natural language with recursive neural networks},
	author={Socher, Richard and Lin, Cliff C and Manning, Chris and Ng, Andrew Y},
	booktitle={Proceedings of the 28th international conference on machine learning (ICML-11)},
	pages={129--136},
	year={2011}
}

@article{taghipour2015one,
	title={One Million Sense-Tagged Instances for Word Sense Disambiguation and Induction},
	author={Taghipour, Kaveh and Ng, Hwee Tou},
	journal={CoNLL 2015},
	pages={338},
	year={2015}
}

@inproceedings{mihalcea2007wiki,
	title={Using Wikipedia for Automatic Word Sense Disambiguation},
	author={Mihalcea, Rada},
	booktitle={Proceedings of NAACL HLT},
	pages={196--203},
	year={2007},
	organization={Citeseer}
}

@inproceedings{rosenberg2004augmenting,
	title={Augmenting the kappa statistic to determine interannotator reliability for multiply labeled data points},
	author={Rosenberg, Andrew and Binkowski, Ed},
	booktitle={Proceedings of HLT-NAACL 2004: Short Papers},
	pages={77--80},
	year={2004},
	organization={Association for Computational Linguistics}
}

@inproceedings{white2015well,
	title={How Well Sentence Embeddings Capture Meaning},
	author={White, Lyndon and Togneri, Roberto and Liu, Wei and Bennamoun, Mohammed},
	booktitle={Proceedings of the 20th Australasian Document Computing Symposium},
	pages={9},
	year={2015},
	organization={ACM}
}

@article{palangi2015deep,
	title={Deep sentence embedding using the long short term memory network: Analysis and application to information retrieval},
	author={Palangi, Hamid and Deng, Li and Shen, Yelong and Gao, Jianfeng and He, Xiaodong and Chen, Jianshu and Song, Xinying and Ward, Rabab},
	journal={arXiv preprint arXiv:1502.06922},
	year={2015}
}


@article{landes1998semcor,
	title={Building semantic concordances},
	author={Landes, Shari and Leacock, Claudia and Tengi, Randee I},
	journal={WordNet: an electronic lexical database},
	volume={199},
	number={216},
	pages={199--216},
	year={1998},
	publisher={MIT Press, Cambridge, MA}
}
@inproceedings{eisele2010multiun,
	title={MultiUN: A Multilingual Corpus from United Nation Documents.},
	author={Eisele, Andreas and Chen, Yu},
	booktitle={LREC},
	year={2010}
}

@article{edmonds2002introduction,
	title={Introduction to the special issue on evaluating word sense disambiguation systems},
	author={Edmonds, Philip and Kilgarriff, Adam},
	journal={Natural Language Engineering},
	volume={8},
	number={04},
	pages={279--291},
	year={2002},
	publisher={Cambridge Univ Press}
}

@inproceedings{senseval2-LS-kilgarriff2001,
	title={English lexical sample task description},
	author={Kilgarriff, Adam},
	booktitle={The Proceedings of the Second International Workshop on Evaluating Word Sense Disambiguation Systems},
	pages={17--20},
	year={2001},
	organization={Association for Computational Linguistics}
}

@inproceedings{senseval3-LS-mihalcea2004,
	title={The Senseval-3 English lexical sample task},
	author={Mihalcea, Rada and Chklovski, Timothy Anatolievich and Kilgarriff, Adam},
	year={2004},
	organization={Association for Computational Linguistics}
}

@inproceedings{senseval2-AW-palmer2001,
	title={English tasks: All-words and verb lexical sample},
	author={Palmer, Martha and Fellbaum, Christiane and Cotton, Scott and Delfs, Lauren and Dang, Hoa Trang},
	booktitle={The Proceedings of the Second International Workshop on Evaluating Word Sense Disambiguation Systems},
	pages={21--24},
	year={2001},
	organization={Association for Computational Linguistics}
}

@inproceedings{senseval3-AW-snyder2004,
	title={The English all-words task},
	author={Snyder, Benjamin and Palmer, Martha},
    year={2004}
}

@inproceedings{semeval2007-fine-pradhan2007,
	title={SemEval-2007 task 17: English lexical sample, SRL and all words},
	author={Pradhan, Sameer S and Loper, Edward and Dligach, Dmitriy and Palmer, Martha},
	booktitle={Proceedings of the 4th International Workshop on Semantic Evaluations},
	pages={87--92},
	year={2007},
	organization={Association for Computational Linguistics}
}

@inproceedings{semeval2007-coarse-navigli2007,
	title={Semeval-2007 task 07: Coarse-grained english all-words task},
	author={Navigli, Roberto and Litkowski, Kenneth C and Hargraves, Orin},
	booktitle={Proceedings of the 4th International Workshop on Semantic Evaluations},
	pages={30--35},
	year={2007},
	organization={Association for Computational Linguistics}
}

@inproceedings{tian2014corpus,
  title={UM-Corpus: A Large English-Chinese Parallel Corpus for Statistical Machine Translation.},
  author={Tian, Liang and Wong, Derek F and Chao, Lidia S and Quaresma, Paulo and Oliveira, Francisco}
}

@article{yuan2016word,
  title={Word Sense Disambiguation with Neural Language Models},
  author={Yuan, Dayu and Doherty, Ryan and Richardson, Julian and Evans, Colin and Altendorf, Eric},
  journal={arXiv preprint arXiv:1603.07012},
  year={2016}
}

@InProceedings{Iacobacci2016,
  author    = {Iacobacci, Ignacio and Pilehvar, Taher Mohammad and Navigli, Roberto},
  title     = {Embeddings for Word Sense Disambiguation: An Evaluation Study},
  booktitle = {Proceedings of the 54th Annual Meeting of the Association for Computational Linguistics (Volume 1: Long Papers)},
  year      = {2016},
  pages     = {897--907},
  publisher = {Association for Computational Linguistics},
  doi       = {10.18653/v1/P16-1085},
  location  = {Berlin, Germany},
  url       = {http://aclweb.org/anthology/P16-1085},
}

@InProceedings{Lefever2013,
  author    = {Lefever, Els and Hoste, V\'{e}ronique},
  title     = {SemEval-2013 Task 10: Cross-lingual Word Sense Disambiguation},
  booktitle = {Second Joint Conference on Lexical and Computational Semantics (*SEM), Volume 2: Proceedings of the Seventh International Workshop on Semantic Evaluation (SemEval 2013)},
  year      = {2013},
  pages     = {158--166},
  address   = {Atlanta, Georgia, USA},
  month     = {June},
  publisher = {Association for Computational Linguistics},
  url       = {http://www.aclweb.org/anthology/S13-2029},
}

@InProceedings{Lefever2010,
  author    = {Lefever, Els and Hoste, V\'{e}ronique},
  title     = {SemEval-2010 Task 3: Cross-Lingual Word Sense Disambiguation},
  booktitle = {Proceedings of the 5th International Workshop on Semantic Evaluation},
  year      = {2010},
  pages     = {15--20},
  address   = {Uppsala, Sweden},
  month     = {July},
  publisher = {Association for Computational Linguistics},
  url       = {http://www.aclweb.org/anthology/S10-1003},
}

@InProceedings{Shi2015,
  author    = {Shi, Tianze and Liu, Zhiyuan and Liu, Yang and Sun, Maosong},
  title     = {Learning Cross-lingual Word Embeddings via Matrix Co-factorization},
  booktitle = {Proceedings of the 53rd Annual Meeting of the Association for Computational Linguistics and the 7th International Joint Conference on Natural Language Processing (Volume 2: Short Papers)},
  year      = {2015},
  pages     = {567--572},
  address   = {Beijing, China},
  month     = {July},
  publisher = {Association for Computational Linguistics},
  url       = {http://www.aclweb.org/anthology/P15-2093},
}

@InProceedings{Aldarmaki2016,
  author    = {Aldarmaki, Hanan and Diab, Mona},
  title     = {Learning Cross-lingual Representations with Matrix Factorization},
  booktitle = {Proceedings of the Workshop on Multilingual and CrossÂ­-lingual Methods in NLP},
  year      = {2016},
  pages     = {1--9},
  address   = {San Diego, California},
  month     = {June},
  publisher = {Association for Computational Linguistics},
  url       = {http://www.aclweb.org/anthology/W16-1201},
}

@InProceedings{Coulmance2015,
  author    = {Coulmance, Jocelyn and Marty, Jean-Marc and Wenzek, Guillaume and Benhalloum, Amine},
  title     = {Trans-gram, Fast Cross-lingual Word-embeddings},
  booktitle = {Proceedings of the 2015 Conference on Empirical Methods in Natural Language Processing},
  year      = {2015},
  pages     = {1109--1113},
  address   = {Lisbon, Portugal},
  month     = {September},
  publisher = {Association for Computational Linguistics},
  url       = {http://aclweb.org/anthology/D15-1131},
}

@InProceedings{Guo2014,
  author    = {Guo, Jiang and Che, Wanxiang and Wang, Haifeng and Liu, Ting},
  title     = {Learning Sense-specific Word Embeddings By Exploiting Bilingual Resources},
  booktitle = {Proceedings of COLING 2014, the 25th International Conference on Computational Linguistics: Technical Papers},
  year      = {2014},
  pages     = {497--507},
  address   = {Dublin, Ireland},
  month     = {August},
  publisher = {Dublin City University and Association for Computational Linguistics},
  url       = {http://www.aclweb.org/anthology/C14-1048},
}

@Article{Navigli2009,
  author     = {Navigli, Roberto},
  title      = {Word Sense Disambiguation: A Survey},
  journal    = {ACM Comput. Surv.},
  year       = {2009},
  volume     = {41},
  number     = {2},
  pages      = {10:1--10:69},
  month      = feb,
  acmid      = {1459355},
  address    = {New York, NY, USA},
  articleno  = {10},
  doi        = {10.1145/1459352.1459355},
  issn       = {0360-0300},
  issue_date = {February 2009},
  keywords   = {WSD, Word sense disambiguation, lexical ambiguity, lexical semantics, semantic annotation, sense annotation, word sense discrimination},
  numpages   = {69},
  publisher  = {ACM},
  url        = {http://doi.acm.org/10.1145/1459352.1459355},
}

@InProceedings{Rekabsaz2016,
  author    = {Navid Rekabsaz and Serwah Sabetghadam and Mihai Lupu and Linda Andersson and Allan Hanbury},
  title     = {Standard Test Collection for English-Persian Cross-Lingual Word Sense Disambiguation},
  booktitle = {Proceedings of the Tenth International Conference on Language Resources and Evaluation (LREC 2016)},
  year      = {2016},
  editor    = {Nicoletta Calzolari (Conference Chair) and Khalid Choukri and Thierry Declerck and Sara Goggi and Marko Grobelnik and Bente Maegaard and Joseph Mariani and Helene Mazo and Asuncion Moreno and Jan Odijk and Stelios Piperidis},
  address   = {Paris, France},
  month     = {may},
  publisher = {European Language Resources Association (ELRA)},
  date      = {23-28},
  isbn      = {978-2-9517408-9-1},
  language  = {english},
  location  = {PortoroÅ¾, Slovenia},
}

@Comment{jabref-meta: databaseType:bibtex;}
